@inproceedings{saxena2006secure,
    title={Secure device pairing based on a visual channel},
    author={Saxena, Nitesh and Ekberg, J-E and Kostiainen, Kari and Asokan, N},
    booktitle={Security and Privacy, 2006 IEEE Symposium on},
    pages={6--pp},
    year={2006},
    organization={IEEE}
}
@incollection{uzun2007usability,
    title={Usability analysis of secure pairing methods},
    author={Uzun, Ersin and Karvonen, Kristiina and Asokan, Nadarajah},
    booktitle={Financial Cryptography and Data Security},
    pages={307--324},
    year={2007},
    publisher={Springer}
}
@article{mayrhofer2009shake,
    title={Shake well before use: Intuitive and secure pairing of mobile devices},
    author={Mayrhofer, Rene and Gellersen, Hans},
    journal={Mobile Computing, IEEE Transactions on},
    volume={8},
    number={6},
    pages={792--806},
    year={2009},
    publisher={IEEE}
}
